@misc{ramesh:dalle,
  doi = {10.48550/ARXIV.2204.06125},
  url = {https://arxiv.org/abs/2204.06125},
  author = {Ramesh, Aditya and Dhariwal, Prafulla and Nichol, Alex and Chu, Casey and Chen, Mark},
  keywords = {Computer Vision and Pattern Recognition (cs.CV), FOS: Computer and information sciences, FOS: Computer and information sciences},
  title = {Hierarchical Text-Conditional Image Generation with CLIP Latents},
  publisher = {arXiv},
  year = {2022},
  copyright = {Creative Commons Attribution 4.0 International}
}
